@inproceedings{aesspeed,
  author    = {Daniel J. Bernstein and
               Peter Schwabe},
  title     = {New {AES} Software Speed Records},
  booktitle = {INDOCRYPT},
  year      = {2008},
  pages     = {322-336},
  ee        = {http://dx.doi.org/10.1007/978-3-540-89754-5_25},
  crossref  = {DBLP:conf/indocrypt/2008},
  bibsource = {DBLP, http://dblp.uni-trier.de}
}

@proceedings{DBLP:conf/indocrypt/2008,
  editor    = {Dipanwita Roy Chowdhury and
               Vincent Rijmen and
               Abhijit Das},
  title     = {Progress in Cryptology - INDOCRYPT 2008, 9th International
               Conference on Cryptology in India, Kharagpur, India, December
               14-17, 2008. Proceedings},
  booktitle = {INDOCRYPT},
  publisher = {Springer},
  series    = {Lecture Notes in Computer Science},
  volume    = {5365},
  year      = {2008},
  isbn      = {978-3-540-89753-8},
  bibsource = {DBLP, http://dblp.uni-trier.de}
}

@inproceedings{poly1305,
    author = {Daniel J. Bernstein},
    title = {The {Poly1305-AES} message-authentication code},
    booktitle = {In FSE (2005)},
    year = {2005},
    pages = {32--49},
    publisher = {Springer}
}

@inproceedings{curve25519,
    author = {Daniel J. Bernstein},
    title = {Curve25519: new Diffie-Hellman speed records},
    booktitle = {In Public Key Cryptography (PKC), Springer-Verlag LNCS 3958},
    year = {2006},
    pages = {2006}
}

@article{wep,
 author = {Berghel,, Hal and Uecker,, Jacob},
 title = {Wireless infidelity {II}: airjacking},
 journal = {Commun. ACM},
 volume = {47},
 number = {12},
 year = {2004},
 issn = {0001-0782},
 pages = {15--20},
 doi = {http://doi.acm.org/10.1145/1035134.1035149},
 publisher = {ACM},
 address = {New York, NY, USA},
}

@electronic{comcast,
  author        = "Peter Eckersley and Fred von Lohmann and Seth Schoen",
  title         = "Packet Forgery By {ISPs}: A Report On The {Comcast} Affair",
  url           = "http://www.eff.org/wp/packet-forgery-isps-report-comcast-affair",
  month         = "November",
  year          = "2007"
}

@electronic{freeswan,
  author        = "John Gilmore",
  title         = "{FreeS/WAN}",
  url           = "http://www.freeswan.org",
  month         = "January",
  year          = "2009"
}

@electronic{freeswanfailure,
  author        = "Claudia Schmeing",
  title         = "{FreeS/WAN} announcement",
  url           = "http://www.freeswan.org/ending\_letter.html",
  month         = "March",
  year          = "2004"
}

@electronic{openswan,
  author        = "John Gilmore et al",
  title         = "Openswan",
  url           = "http://www.openswan.org",
  month         = "January",
  year          = "2009"
}

@electronic{latency,
  author        = "Greg Linden",
  title         = "{Marissa Mayer} at {Web} 2.0",
  url           = "http://glinden.blogspot.com/2006/11/marissa-mayer-at-web-20.html",
  month         = "November",
  year          = "2006"
}

@electronic{btns,
  author        = "IETF",
  title         = "Better-Than-Nothing Security Charter",
  url           = "http://www.ietf.org/html.charters/btns-charter.html",
  month         = "January",
  year          = "2009"
}

@misc{rfc1035,
 author = {P. Mockapetris},
 title = {{RFC} 1035: Domain names - implementation and specification},
 year = {1987},
 publisher = {IETF},
}

@misc{tls,
 author = {T. Dierks and E. Rescorla},
 title = {{RFC} 5246: The Transport Layer Security Protocol, Version 1.2},
 year = {2008},
 publisher = {IETF},
}

@misc{tlssni,
 author = {S. Blake-Wilson and M. Nystrom and D. Hopwood and J. Mikkelsen and T. Wright},
 title = {{RFC} 4366: Transport Layer Security (TLS) Extensions},
 month = {April},
 year = {2006},
 publisher = {IETF},
}

@misc{rfc3207,
 author = {P. Hoffman},
 title = {{RFC} 3207: {SMTP} Service Extension for Secure {SMTP} over Transport Layer Security},
 year = {2002},
 publisher = {IETF},
}

@electronic{netapp,
  author        = "Net Applications",
  title         = "Browser Market Share",
  url           = "http://marketshare.hitslink.com/browser-market-share.aspx?qprid=0",
  month         = "February",
  year          = "2009"
}

@electronic{sslstrip,
  author        = "Moxie Marlinspike",
  title         = "SSLStrip",
  url           = "http://www.thoughtcrime.org/software/sslstrip/index.html",
  month         = "February",
  year          = "2009"
}

@electronic{tcploo,
  author        = "W. Eddy and A. Langley",
  title         = "Extending the Space Availible for {TCP} Options",
  url           = "http://www.ietf.org/internet-drafts/draft-eddy-tcp-loo-04.txt",
  month         = "July",
  year          = "2008"
}

@electronic{hostmeta,
  author        = "M. Nottingham and E. Hammer-Lahav",
  title         = "Host Metadata for the Web",
  url           = "http://tools.ietf.org/html/draft-nottingham-site-meta-01",
  month         = "February",
  year          = "2009"
}

@INPROCEEDINGS{umac,
    author = {J. Black and S. Halevi and H. Krawczyk and T. Krovetz and P. Rogaway},
    title = {{UMAC}: Fast and Secure Message Authentication},
    booktitle = {},
    year = {1999},
    pages = {216--233},
    publisher = {Springer-Verlag}
}

@INPROCEEDINGS{edwardscurves,
    booktitle = {},
    year = {1999},
    pages = {216--233},
    publisher = {Springer-Verlag}
}

@article{edwards,
 author = {Harold M. Edwards},
 title = {A normal form for elliptic curves},
 journal = {Bulletin of the American Mathematical Society},
 volume = {44},
 year = {2007},
 month = {July},
 pages = {393--422},
}
